@INPROCEEDINGS{
    paper:arbor2019,
    author={N. {Abi Akar} and B. {Cumming} and V. {Karakasis} and A. {Küsters} and W. {Klijn} and A. {Peyser} and S. {Yates}},
    booktitle={2019 27th Euromicro International Conference on Parallel, Distributed and Network-Based Processing (PDP)},
    title={{Arbor --- A Morphologically-Detailed Neural Network Simulation Library for Contemporary High-Performance Computing Architectures}},
    year={2019}, month={feb}, volume={}, number={},
    pages={274--282},
    doi={10.1109/EMPDP.2019.8671560},
    ISSN={2377-5750}}

@software{arbor_0_11_0,
  author       = {Cumming, Benjamin and
                  Yates, Stuart and
                  Hater, Thorsten and
                  Lu, Han and
                  Huisman, Brent and
                  Klijn, Wouter and
                  Bösch, Fabian and
                  Ibáñez Bolado, Mario
                  Drescher, Lukas and
                  Frasch, Simon and
                  de Schepper, Robin and
                  Luboeinski, Jannik},
  title        = {Arbor v0.11.0},
  month        = apr,
  year         = 2025,
  publisher    = {Zenodo},
  version      = {v0.11.0},
  doi          = {10.5281/zenodo.15277617},
  url          = {https://doi.org/10.5281/zenodo.15277617}
}

@software{nora_abi_akar_2023_8233847,
  author       = {Nora Abi Akar and
                  John Biddiscombe and
                  Benjamin Cumming and
                  Marko Kabic and
                  Vasileios Karakasis and
                  Wouter Klijn and
                  Anne Küsters and
                  Alexander Peyser and
                  Stuart Yates and
                  Thorsten Hater and
                  Brent Huisman and
                  Espen Hagen and
                  Robin De Schepper and
                  Charl Linssen and
                  Harmen Stoppels and
                  Sebastian Schmitt and
                  Felix Huber and
                  Max Engelen and
                  Fabian Bösch and
                  Jannik Luboeinski and
                  Simon Frasch and
                  Lukas Drescher and
                  Lennart Landsmeer},
  title        = {Arbor Library v0.9.0},
  month        = nov,
  year         = 2023,
  publisher    = {Zenodo},
  version      = {v0.9.0},
  doi          = {10.5281/zenodo.8233847},
  url          = {https://doi.org/10.5281/zenodo.8233847}
}
